@inproceedings{loebenberger2006evolution,
  title={Evolution! from creeper to storm},
  author={Loebenberger, Daniel and Wielputz, R},
  booktitle={Presentation for the Seminar on" Malware},
  pages={1--7},
  year={2006}
}
